@article{hastings2013chebi,
  title={The ChEBI reference database and ontology for biologically relevant chemistry: enhancements for 2013},
  author={Hastings, Janna and de Matos, Paula and Dekker, Adriano and Ennis, Marcus and Harsha, Bhavana and Kale, Namrata and Muthukrishnan, Venkatesh and Owen, Gareth and Turner, Steve and Williams, Mark and others},
  journal={Nucleic acids research},
  volume={41},
  number={D1},
  pages={D456--D463},
  year={2013},
  publisher={Oxford Univ Press}
}

@article{hastings2012structure,
  title={Structure-based classification and ontology in chemistry.},
  author={Hastings, Janna and Magka, Despoina and Batchelor, Colin R and Duan, Lian and Stevens, Robert and Ennis, Marcus and Steinbeck, Christoph},
  journal={J. Cheminformatics},
  volume={4},
  pages={8},
  year={2012}
}

@article{wegner2012cheminformatics,
  title={Cheminformatics},
  author={Wegner, Joerg Kurt and Sterling, Aaron and Guha, Rajarshi and Bender, Andreas and Faulon, Jean-Loup and Hastings, Janna and O'Boyle, Noel and Overington, John and Van Vlijmen, Herman and Willighagen, Egon},
  journal={Communications of the ACM},
  volume={55},
  number={11},
  pages={65--75},
  year={2012},
  publisher={ACM}
}

@article{hoehndorf2014thematic,
  title={Thematic series on biomedical ontologies in JBMS: challenges and new directions.},
  author={Hoehndorf, Robert and Rebholz-Schuhmann, Dietrich and Haendel, Melissa and Stevens, Robert},
  journal={J. Biomedical Semantics},
  volume={5},
  pages={15},
  year={2014}
}

@article{schulz2013concept,
  title={From concept representations to ontologies: a paradigm shift in health informatics?},
  author={Schulz, Stefan and Balkanyi, Laszlo and Cornet, Ronald and Bodenreider, Olivier},
  journal={Healthcare informatics research},
  volume={19},
  number={4},
  pages={235--242},
  year={2013}
}
