@inproceedings{Ferreira2014,
  author = {Ferreira, Jo{\~{a}}o D. and de Bono, Bernard and Couto, Francisco M.},
  booktitle = {Virtual Physiological Human},
  title = {{From data to knowledge: a tool for clustering multi‚Äêscale resources for physiology research}},
  year = {2014}
}
@techreport{Ferreira2010a,
  author = {Ferreira, Jo{\~{a}}o D. and Batista, David S. and Couto, Francisco M. and Silva, M{\'{a}}rio J.},
  doi = {DOI:10455/6677},
  institution = {Departamento de Inform{\'{a}}tica -- Faculdade de Ci{\^{e}}ncias - Universidade de Lisboa},
  number = {October},
  title = {{The Geo-Net-PT / Yahoo ! GeoPlanet TM concordance}},
  year = {2010}
}
@article{Ferreira2013,
  author = {Ferreira, Jo{\~{a}}o D. and Hastings, Janna and Couto, Francisco M.},
  doi = {10.1093/bioinformatics/btt491},
  isbn = {1367-4811 (Electronic)},
  issn = {1367-4811},
  journal = {Bioinformatics},
  number = {21},
  pages = {2781--2787},
  pmid = {24002110},
  title = {{Exploiting disjointness axioms to improve semantic similarity measures.}},
  volume = {29},
  year = {2013}
}
@inproceedings{Ferreira2011,
  author = {Ferreira, Jo{\~{a}}o D. and Couto, Francisco M.},
  booktitle = {International Conference on Biomedical Ontologies},
  issn = {16130073},
  pages = {117--123},
  title = {{Generic semantic relatedness measure for biomedical ontologies}},
  url = {http://ceur-ws.org/Vol-833/paper16.pdf},
  volume = {833},
  year = {2011}
}
@article{Lamurias2014,
  author = {Lamurias, Andre and Ferreira, Jo{\~{a}}o D. and Couto, Francisco M.},
  doi = {10.2390/biecoll-jib-2014-247},
  issn = {1613-4516},
  journal = {Journal of Interactive Bioinformatics (JIB)},
  number = {3},
  pages = {1--18},
  pmid = {25339081},
  title = {{Identifying interactions between chemical entities in biomedical text}},
  volume = {11},
  year = {2014}
}
@inproceedings{Ferreira2012,
  author = {Ferreira, Jo{\~{a}}o D. and Pesquita, Catia and Couto, Francisco M. and Silva, M{\'{a}}rio J.},
  booktitle = {International Conference on Biomedical Ontologies},
  issn = {16130073},
  title = {{Bringing epidemiology into the Semantic Web}},
  url = {http://ceur-ws.org/Vol-897/session1-paper02.pdf},
  volume = {897},
  year = {2012}
}
@inproceedings{Ferreira2013a,
  author = {Ferreira, Jo{\~{a}}o D. and Pesquita, Catia and Silva, M{\'{a}}rio J. and Couto, Francisco M.},
  booktitle = {International Conference on Preservation of Digital Objects},
  editor = {Borbinha, Jos{\'{e}} and Nelson, Michael and Knight, Steve},
  title = {{Digital preservation of epidemic resources: coupling metadata and ontologies}},
  url = {http://xldb.di.fc.ul.pt/xldb/publications/Ferreira.etal:DigitalPreservationOf:2013_document.pdf},
  year = {2013}
}
@article{Lamurias2015,
  author = {Lamurias, Andre and Ferreira, Jo{\~{a}}o D. and Couto, Francisco M.},
  doi = {10.1186/1758-2946-7-S1-S13},
  issn = {1758-2946},
  journal = {Journal of Cheminformatics},
  month = {jan},
  number = {Suppl 1 Text mining for chemistry and the CHEMDNER track},
  pages = {S13},
  pmid = {25810770},
  title = {{Improving chemical entity recognition through h-index based semantic similarity.}},
  volume = {7},
  year = {2015}
}
@article{Pesquita2014,
  author = {Pesquita, Catia and Ferreira, Jo{\~{a}}o D. and Couto, Francisco M. and Silva, M{\'{a}}rio J.},
  doi = {10.1186/2041-1480-5-4},
  isbn = {2041-1480},
  issn = {2041-1480},
  journal = {Journal of Biomedical Semantics},
  number = {1},
  pages = {4},
  pmid = {24438387},
  title = {{The epidemiology ontology: an ontology for the semantic annotation of epidemiological resources.}},
  volume = {5},
  year = {2014}
}
@inproceedings{Ferreira2014,
  author = {Ferreira, Jo{\~{a}}o D. and de Bono, Bernard and Couto, Francisco M.},
  booktitle = {Virtual Phisiology Human Conference},
  title = {{From data to knowledge: a tool for clustering multi-scale resources for physiology research}},
  year = {2014}
}
@article{Ferreira2010,
  author = {Ferreira, Jo{\~{a}}o D. and Couto, Francisco M.},
  doi = {10.1371/journal.pcbi.1000937},
  editor = {Mitchell, John B. O.},
  issn = {1553-7358},
  journal = {PLoS Computational Biology},
  month = {sep},
  number = {9},
  pages = {e1000937},
  title = {{Semantic Similarity for Automatic Classification of Chemical Compounds}},
  volume = {6},
  year = {2010}
}
@inproceedings{Couto2012,
  author = {Couto, Francisco M. and Ferreira, Jo{\~{a}}o D. and Zamite, Jo{\~{a}}o and Santos, Carlos and Posse, Tiago and Gra{\c{c}}a, Paulo and Domingos, Dulce and Silva, M{\'{a}}rio J.},
  booktitle = {International Conference on Biomedical Ontologies},
  title = {{The Epidemic Marketplace Platform: towards semantic characterization of epidemiological resources using biomedical ontologies}},
  url = {http://ceur-ws.org/Vol-897/demo_1.pdf},
  year = {2012}
}
@inproceedings{Lamurias2014a,
  author = {Lamurias, Andre and Ferreira, Jo{\~{a}}o D. and Couto, Francisco M.},
  booktitle = {8th International Conference on Practical Applications of Computational Biology {\&} Bioinformatics},
  doi = {10.1007/978-3-319-07581-5_30},
  issn = {21945357},
  number = {AISC},
  pages = {253--260},
  title = {{Chemical named entity recognition: Improving recall using a comprehensive list of lexical features}},
  volume = {294},
  year = {2014}
}
@techreport{Grego2010,
  author = {Grego, Tiago and Ferreira, Jo{\~{a}}o D. and Pesquita, Catia and Bastos, Hugo and {Vila Vi{\c{c}}osa}, Diogo and Freire, Jo{\~{a}}o M. and Couto, Francisco M.},
  doi = {DOI:10455/3335},
  institution = {Department of Informatics, Faculty of Sciences, University of Lisbon},
  title = {{Chemical and Metabolic Pathway Semantic Similarity}},
  year = {2010}
}
@phdthesis{Ferreira2016,
  author = {Ferreira, Jo{\~{a}}o D.},
  school = {Universidade de Lisboa},
  title = {{Semantic Similarity Across Biomedical Ontologies}},
  type = {PhD Thesis},
  year = {2016}
}
@inproceedings{Tavares2010,
  author = {Tavares, Bruno and Bastos, Hugo and Faria, Daniel and Ferreira, Jo{\~{a}}o D. and Grego, Tiago and Pesquita, Catia and Couto, Francisco M.},
  booktitle = {International Conference on Biomedical Ontologies},
  issn = {16130073},
  pages = {300--301},
  title = {{The Biomedical Ontology Applications (BOA) framework}},
  url = {http://ceur-ws.org/Vol-833/paper56.pdf},
  volume = {833},
  year = {2011}
}
@inproceedings{Pesquita2013,
  author = {Pesquita, Catia and Ferreira, Jo{\~{a}}o D. and Couto, Francisco M. and Silva, M{\'{a}}rio J.},
  booktitle = {Epiwork International Workshop "Digital Epidemiology"},
  publisher = {Epiwork International Workshop on Digital Epidemiology},
  title = {{Semi-automated annotation of epidemiological resources}},
  url = {http://webpages.fc.ul.pt/~fjcouto/files/abstract%20cpesquita-epiwork2013.pdf},
  year = {2013}
}
@Deliverable{Ferreira2012b,
  author = {Ferreira, Jo{\~{a}}o D. and Pesquita, Catia and Couto, Francisco M. and Silva, M{\'{a}}rio J.},
  institution = {University of Lisbon, Faculty of Sciences, LASIGE},
  month = {jan},
  title = {{Epiwork Deliverable 3.5: Epidemic Data Ontology}},
  year = {2012}
}
@phdthesis{Ferreira2010b,
  author = {Ferreira, Jo{\~{a}}o D.},
  school = {Universidade de Lisboa},
  title = {{Structural and semantic similarity metrics for chemical compound classification}},
  type = {Master's Dissertation},
  year = {2010}
}
@inproceedings{Batista2012,
  author = {Batista, David S. and Ferreira, Jo{\~{a}}o D. and Couto, Francisco M. and Silva, M{\'{a}}rio J.},
  booktitle = {Computational Processing of the Portuguese Language},
  doi = {10.1007/978-3-642-28885-2_20},
  isbn = {9783642288845},
  issn = {03029743 16113349},
  pages = {179--185},
  title = {{Toponym Disambiguation using Ontology-based Semantic Similarity}},
  volume = {7243},
  year = {2012}
}
@article{Ferreira2012a,
  author = {Ferreira, Jo{\~{a}}o D. and Paolotti, Daniela and Couto, Francisco M. and Silva, M{\'{a}}rio J.},
  doi = {10.1136/jech-2012-201142},
  issn = {1470-2738},
  journal = {Journal of epidemiology and community health},
  month = {nov},
  number = {0},
  pages = {0--3},
  pmid = {23155060},
  title = {{On the usefulness of ontologies in epidemiology research and practice.}},
  volume = {0},
  year = {2012}
}
